<?xml version="1.0" encoding="UTF-8"?><collection xmlns="http://www.loc.gov/MARC21/slim"><record><leader>00338nam--2200133-i-4500</leader><controlfield tag="001">000003355</controlfield><controlfield tag="002">20161230</controlfield><controlfield tag="005">20161230201025</controlfield><controlfield tag="008">060222s1000------------r-----000-0-eng-d</controlfield><datafield ind1=" " ind2=" " tag="080"><subfield code="a">513.3/4:62(075.3)</subfield></datafield><datafield ind1=" " ind2=" " tag="100"><subfield code="a">Andreev, P.P</subfield></datafield><datafield ind1=" " ind2=" " tag="245"><subfield code="a">Curs elementarnoi geometrii dlia tehnikumov</subfield></datafield><datafield ind1=" " ind2=" " tag="260"><subfield code="a">Moskva, Gosizdat, 1952 280 P</subfield></datafield><datafield ind1=" " ind2=" " tag="852"><subfield code="a">2584</subfield></datafield></record></collection>